<?xml version="1.0" encoding="UTF-8"?><collection xmlns="http://www.loc.gov/MARC21/slim"><record><leader>00582nam--2200169-i-4500</leader><controlfield tag="001">000002059</controlfield><controlfield tag="002">20161230</controlfield><controlfield tag="005">20161230201024</controlfield><controlfield tag="008">060222s1000------------r-----000-0-eng-d</controlfield><datafield ind1=" " ind2=" " tag="040"><subfield code="a">IFIN-HH</subfield></datafield><datafield ind1=" " ind2=" " tag="080"><subfield code="a">061.3:539.4.011.25</subfield></datafield><datafield ind1="1" ind2=" " tag="110"><subfield code="a">American Society For Metals</subfield></datafield><datafield ind1="1" ind2="0" tag="245"><subfield code="a">Facturing of metals</subfield><subfield code="b">A seminar of the fracturing of metals held during the twenty-ninth national metal congres and exposition, chicago, october 18 to 24, 1947</subfield></datafield><datafield ind1=" " ind2=" " tag="260"><subfield code="a">Cleveland, Ohio</subfield><subfield code="b">American Society For Metals</subfield><subfield code="c">1948</subfield></datafield><datafield ind1=" " ind2=" " tag="300"><subfield code="a">311 P</subfield></datafield><datafield ind1=" " ind2=" " tag="852"><subfield code="a">5140</subfield><subfield code="c">539.2</subfield></datafield><datafield ind1=" " ind2=" " tag="CAT"><subfield code="a">Sys</subfield><subfield code="c">20120718</subfield><subfield code="h">140337</subfield></datafield></record></collection>